@String{pub-IEEE-STD            = "IEEE"}
@String{pub-IEEE-STD:adr        = "New York, NY, USA"}

@inproceedings{ Tyma08,
	author = "Paul Tyma",
	title = "{\href{http://www.mailinator.com/tymaPaulMultithreaded.pdf}{Thousands of threads and blocking I/O: the old way to write Java servers is new again}}",
	year = "2008",
	booktitle = "Software Development Conference and Expo West",
	month = "March",
}
@mastersthesis{ Crameri06,
	author = "Olivier Crameri",
	school = "School of Computer and Communications Sciences, EPFL, Lausanne, Switzerland",
	year = "2005",
	month = "February",
	title = "{\href{http://infoscience.epfl.ch/record/85594/files/liblaiogen.pdf}{liblaiogen: A generic LAIO implementation}}",
}
@phdthesis{ Welsh02,
	author = "Matt Welsh",
	school = "University of California, Berkeley",
	year = "2002",
	month = "August",
	title = "{\href{http://www.eecs.harvard.edu/~mdw/papers/mdw-phdthesis.pdf}{An architecture for highly concurrent, well-conditioned internet services}}",
}
@inproceedings{ vonBehren03,
	author = "von Behren, Rob and Jeremy Condit and Eric Brewer",
	year = "2003",
	month = "May",
	title = "{\href{http://www.usenix.org/events/hotos03/tech/full_papers/vonbehren/vonbehren.pdf}{Why events are a bad idea (for high-concurrency servers)}}",
	booktitle = "9th Workshop on Hot Topics in Operating Systems (HotOS IX)",
}
@inproceedings{ Drepper06,
	author = "Ulrich Drepper",
	title  = "\href{http://people.redhat.com/drepper/newni.pdf}{The need for asynchronous, zero-copy network I/O}",
	booktitle = "Ottawa Linux Symposium",
	year = "2006",
	month = "July",
}
@inproceedings{ Jacobson06,
	author = "Van Jacobson",
	title = "\href{http://www.lemis.com/grog/Documentation/vj/lca06vj.pdf}{Speeding up networking}",
	booktitle = "Ottawa Linux Symposium",
	year = "2006",
	month = "July",
}
@book{ Russinovich09,
	author = "Marc Russinovich and David Solomon and Alex Ionescu",
	title = "Windows\textsuperscript{\textregistered} Internals",
	edition = "5th",
	year = "2009",
	publisher = "Microsoft Press",
}
@book{ Varghese05,
	author = "George Varghese",
	title = "Network Algorithmics: An Interdisciplinary Approach to Designing Fast Networked Devices",
	edition = "1st",
	year = "2005",
	publisher = "Elsevier",
}
@misc{ Adns,
	author = "Ian Jackson",
	title = "GNU Adns",
	howpublished = "\url{http://www.chiark.greenend.org.uk/~ian/adns/}, retrieved 2010-01-26",
}
@misc{ Bernstein,
	author = "{Bernstein, D. J.}",
	title = "The Self-Pipe Trick",
	howpublished = "\url{http://cr.yp.to/docs/selfpipe.html}, retrieved 2010-01-19",
}
@misc{ Mathewson09,
	author = "Nick Mathewson",
	title = "Fast portable non-blocking network programming with {L}ibevent",
	howpublished = "\url{http://www.wangafu.net/~nickm/libevent-book/}, retrieved 2010-01-19",
}
@misc{ OpenSSL,
	author = "{The OpenSSL Project}",
	title = "{OpenSSL}: The open source toolkit for {SSL/TLS}",
	howpublished = "\url{http://www.openssl.org/}, retrieved 2010-01-26",
}
@misc{ Kegel2010,
	author = "Dan Kegel",
	title = "The {C10K} Problem",
	howpublished = "\url{http://www.kegel.com/c10k.html#strategies}, retrieved 2010-01-20",
}
@book{ Stevens08,
	author = "{Stevens, W. Richard}",
	title = "Advanced Programming in the {UNIX} Environment",
	publisher = "Addison-Wesley Professional",
	year = "2008",
	edition = "2nd",
}
@book{ Stevens03,
	author = "{Stevens, W. Richard}",
	title = "{UNIX} Network Programming, Volume 1: The Sockets Networking {API}",
	publisher = "Addison-Wesley Professional",
	year = "2003",
	edition = "3rd",
}
@book{ Solaris06,
	author = "Richard McDougall and Jim Mauro",
	title = "Solaris\texttrademark  Internals: Solaris 10 and OpenSolaris Kernel Architecture",
	edition = "2nd",
	year = "2006",
	publisher = "Prentice-Hall",
}
@book{ Posix1b,
	author = "{IEEE}",
	title = "{IEEE 1003.1b-1993 Part 1b: Realtime Extensions (Volume 1)}",
	publisher = pub-IEEE-STD,
	address = pub-IEEE-STD:adr,
	year = "1993",
	series = "IEEE Standard Information technology---Portable Operating System Interface ({POSIX})",
	IEEE-standard-number = "IEEE Std 1003.1b-1993",
	key = "POSIX.2-93 vol 1",
	acknowledgement = ack-nhfb,
}
@book{ Intel09,
	author = "{Intel Corporation}",
	key = "Intel 2B",
	title = "Intel\textsuperscript{\textregistered} 64 and IA-32 Architectures Software Developer's Manual",
	volume = "2B, Instruction Set Reference, N--Z",
	publisher = "Intel Press",
	year = "2009",
	month = "June",
}
@inproceedings{ Guo08,
	author = "Danhua Guo and Guangdeng Liao and Laxmi N. Bhuyan and Bin Liu and Jianxun Jason Ding",
	title = "\href{http://portal.acm.org/citation.cfm?id=1477942.1477952}{A scalable multithreaded {L7}-filter design for multi-core servers}",
	booktitle = "Symposium On Architecture For Networking And Communications Systems",
	year = "2008",
}
@inproceedings{ Veal07,
	author = "Bryan Veal and Annie Foong",
	title = "\href{http://portal.acm.org/citation.cfm?id=1323562}{Performance scalability of a multi-core web server}",
	booktitle = "ACM/IEEE Symposium on Architectures for Networking and Communications Systems",
	year = "2007",
}
@techreport{ Porterfield08,
	author = "Allan Porterfield and Rob Fowler and Anirban Mandal and Min Yeol Lim",
	title = "\href{http://www.renci.org/publications/techreports/TR-08-07.pdf}{Performance consistency on multi-socket {AMD} {O}pteron systems}",
	institution = "Renaissance Computing Institute",
	number = "TR-08-07",
	year = "2008",
}
@inproceedings{ Lee09,
	title = "\href{http://www.cse.cuhk.edu.hk/~pclee/www/pubs/ancs09poster.pdf}{A lock-free, cache-efficient shared ring buffer for multi-core architectures}",
        author = "Patrick P. C. Lee and Tian Bu and Girish Chandranmenon",
	booktitle = "ACM/IEEE Symposium on Architectures for Networking and Communications Systems",
	year = "2009",
}
@manual{ packetMmap,
	author = "Alexey Kuznetzov",
	title = "packet\_mmap.txt",
	organization = "Linux kernel 2.6.32 documentation",
}
@article{ Bhattacharya07,
	author = "Suparna Bhattacharya",
	title = "AIO fallback for pipes, sockets and pollable fds",
	journal = "Linux Kernel Mailing List",
	year = 2007,
}
@article{ Baudy08,
	author = "Johann Baudy",
	title = "Packet mmap: TX RING and zero copy",
	journal = "Linux Kernel Mailing List",
	year = 2008,
}
@inproceedings{ Thekkath93,
	author = "Chandramohan Thekkath and Ramohan A. Thekkath and Thu D. Nguyen and Evelyn Moy and Edward D. Lazowska",
	title = "\href{http://portal.acm.org/citation.cfm?id=173982.173988}{Implementing network protocols at user level}",
	year = "1993",
	booktitle = "ACM SIGCOMM",
}
@inproceedings{ Maeda93,
	author = "C. Maeda and B. Bershad",
	title = "\href{http://portal.acm.org/citation.cfm?id=168639}{Protocol service decomposition for high-performance networking}",
	year = "1993",
	booktitle = "ACM Symposium on Operating Systems Principles",
}
@inproceedings{ Lemon00,
	author = "Jonathan Lemon",
	year = "2001",
	title = "\href{http://people.freebsd.org/~jlemon/papers/kqueue.pdf}{Kqueue: A generic and scalable event notiÔ¨Åcation facility}",
	booktitle = "USENIX Annual Technical Conference",
}
@inproceedings{ Engelschall00,
	author = "Ralf Engelschall",
	year = "2000",
	title = "\href{http://www.gnu.org/software/pth/rse-pmt.ps}{Portable multithreading}",
	booktitle = "USENIX Annual Technical Conference",
}
@inproceedings{ Gammo04,
	author = "Louay Gammo and Tim Brecht and Amol Shukla and David Pariag",
	year = "2004",
	title = "\href{http://www.cs.uwaterloo.ca/~brecht/papers/getpaper.php?file=ols-2004.pdf}{Comparing and evaluating epoll, select, and poll event mechanisms}",
	booktitle = "Ottawa Linux Symposium",
}
@inproceedings{ Blumofe94,
	title = "Scheduling Multithreaded Computations by Work Stealing",
	author = "Robert D. Blumofe and Charles E. Leiserson",
	year = "1994",
	booktitle = "35th Annual Symposium on Foundations of Computer Science",
}
@inproceedings{ Ritchie84,
	author = "Dennis Ritchie",
	title = "A stream input-output system",
	booktitle = "AT\&T Bell Laboratories Technical Journal",
	number = "63",
	year = "1984",
}
